@book{Blum:2005:PAL:1062410,
 author = {Blum, Richard},
 title = {Professional Assembly Language},
 year = {2005},
 isbn = {0764579010, 9780764579011},
 publisher = {Wrox Press Ltd.},
 address = {Birmingham, UK, UK},
} 